<record><leader>00000cas a2200000 a 4500</leader><controlfield tag="001">34265102</controlfield><controlfield tag="007">hd afu---bact</controlfield><controlfield tag="007">hd bfu---baat</controlfield><controlfield tag="008">960226d18981903nbuwr nea     0    0cze d</controlfield><datafield ind1=" " ind2=" " tag="010"><subfield code="a">sn 95073670 </subfield></datafield><datafield ind1=" " ind2=" " tag="040"><subfield code="a">NVG</subfield><subfield code="b">eng</subfield><subfield code="c">NVG</subfield><subfield code="d">OCL</subfield><subfield code="d">OCLCQ</subfield><subfield code="d">OCLCF</subfield><subfield code="d">DLC</subfield><subfield code="d">OCLCO</subfield></datafield><datafield ind1="1" ind2=" " tag="029"><subfield code="a">AU@</subfield><subfield code="b">000022177588</subfield></datafield><datafield ind1=" " ind2=" " tag="042"><subfield code="a">msc</subfield></datafield><datafield ind1=" " ind2=" " tag="043"><subfield code="a">n-us-nb</subfield></datafield><datafield ind1="0" ind2=" " tag="130"><subfield code="a">Osve&#780;ta (Omaha, Neb.)</subfield></datafield><datafield ind1="1" ind2="0" tag="245"><subfield code="a">Osve&#780;ta</subfield><subfield code="h">[microform].</subfield></datafield><datafield ind1=" " ind2=" " tag="260"><subfield code="a">Omaha, Neb. :</subfield><subfield code="b">Vyd. Spolec&#780;nosti &quot;Osve&#780;ta&quot;,</subfield><subfield code="c">1898-</subfield></datafield><datafield ind1=" " ind2=" " tag="300"><subfield code="a">v.</subfield></datafield><datafield ind1=" " ind2=" " tag="310"><subfield code="a">Weekly</subfield></datafield><datafield ind1="0" ind2=" " tag="362"><subfield code="a">Roc&#780;. 5, c&#780;is. 29 (18. c&#780;erven. 1898)-</subfield></datafield><datafield ind1="1" ind2=" " tag="362"><subfield code="a">Ceased in 1903.</subfield></datafield><datafield ind1=" " ind2=" " tag="546"><subfield code="a">In Czech.</subfield></datafield><datafield ind1=" " ind2=" " tag="580"><subfield code="a">Merged with: Kve&#780;ty Americke&#769; (Omaha, Neb. : 1900), to form: Osve&#780;ta Americka&#769;.</subfield></datafield><datafield ind1=" " ind2=" " tag="533"><subfield code="a">Microfilm.</subfield><subfield code="m">1898-1900:[Gaps]</subfield><subfield code="b">Lincoln, Neb. :</subfield><subfield code="c">Nebraska State Historical Society,</subfield><subfield code="d">1978.</subfield><subfield code="e">2 microfilm reels ; 35 mm.</subfield></datafield><datafield ind1=" " ind2="0" tag="650"><subfield code="a">Czechs</subfield><subfield code="z">United States</subfield><subfield code="v">Newspapers.</subfield></datafield><datafield ind1=" " ind2="0" tag="650"><subfield code="a">Czech American newspapers.</subfield></datafield><datafield ind1=" " ind2="7" tag="650"><subfield code="a">Czech-American newspapers.</subfield><subfield code="2">fast</subfield><subfield code="0">(OCoLC)fst00886452</subfield></datafield><datafield ind1=" " ind2="7" tag="650"><subfield code="a">Czechs.</subfield><subfield code="2">fast</subfield><subfield code="0">(OCoLC)fst00886455</subfield></datafield><datafield ind1=" " ind2="7" tag="651"><subfield code="a">United States.</subfield><subfield code="2">fast</subfield><subfield code="0">(OCoLC)fst01204155</subfield></datafield><datafield ind1=" " ind2="7" tag="655"><subfield code="a">Newspapers.</subfield><subfield code="2">fast</subfield><subfield code="0">(OCoLC)fst01423814</subfield></datafield><datafield ind1=" " ind2=" " tag="752"><subfield code="a">United States</subfield><subfield code="b">Nebraska</subfield><subfield code="c">Douglas</subfield><subfield code="d">Omaha.</subfield></datafield><datafield ind1="0" ind2="0" tag="780"><subfield code="t">De&#780;lnicke&#769; listy (Omaha, Neb.)</subfield><subfield code="w">(DLC)sn 95073669</subfield></datafield><datafield ind1="1" ind2="7" tag="785"><subfield code="t">Kve&#780;ty Americke&#769; (Omaha, Neb. : 1900)</subfield><subfield code="w">(DLC)sn 95073667</subfield></datafield><datafield ind1="1" ind2="7" tag="785"><subfield code="t">Osve&#780;ta Americka&#769;</subfield><subfield code="x">2374-4847</subfield><subfield code="w">(DLC)sn 86063446</subfield><subfield code="w">(OCoLC)13379277</subfield></datafield></record>